%% This BibTeX bibliography file was created using BibDesk.
%% http://bibdesk.sourceforge.net/

%% Saved with string encoding Unicode (UTF-8)

@article{AlFares2008,
   author              = {Mohammad Al-Fares and
                          Alexander Loukissas and
                          Amin Vahdat},
   title               = {A Scalable, Commodity Data Center Network Architecture.},
   journal           = {SIGCOMM},
   year                = {2008},
   pages               = {63-74}
}

@book{CLRS,
  title={Introduction to Algorithms},
  author={Thomas H. Cormen and Charles E. Leiserson and Ronald L. Rivest and Clifford Stein},
  publisher={MIT Press},
  year={2009},
}

@book{Knuth,
  title={The Art of Computer Programming, Vol 3: Sorting and Searching},
  author={Donald E. Knuth},
  publisher={Addison-Wesley Professional},
  year={1998},
}

@article{Wu2010,
  title={Efficient B-Tree based Indexing for Cloud Data Processing},
  author={Wu, Sai and Jiang, Dawei and Ooi, Beng Chin and Wu, Kun-Lung},
  journal={VLDB},
  volume={3},
  number={1-2},
  pages={1207--1218},
  year={2010},
  organization={ACM}
}
